<record><leader>00000cas a22000007a 4500</leader><controlfield tag="001">10386744</controlfield><controlfield tag="008">840208d18591870ctuwr ne      0    0eng d</controlfield><datafield ind1=" " ind2=" " tag="010"><subfield code="a">sn 84022393 </subfield></datafield><datafield ind1=" " ind2=" " tag="040"><subfield code="a">NPX</subfield><subfield code="b">eng</subfield><subfield code="c">NPX</subfield><subfield code="d">NPU</subfield><subfield code="d">NPA</subfield><subfield code="d">NVF</subfield><subfield code="d">RHN</subfield><subfield code="d">CNW</subfield><subfield code="d">OCL</subfield><subfield code="d">OCLCQ</subfield><subfield code="d">OCLCO</subfield><subfield code="d">OCLCA</subfield><subfield code="d">OCLCF</subfield></datafield><datafield ind1="1" ind2=" " tag="029"><subfield code="a">AU@</subfield><subfield code="b">000025815932</subfield></datafield><datafield ind1=" " ind2=" " tag="042"><subfield code="a">msc</subfield></datafield><datafield ind1=" " ind2=" " tag="043"><subfield code="a">n-us-ct</subfield></datafield><datafield ind1="0" ind2="4" tag="245"><subfield code="a">The Mystic pioneer.</subfield></datafield><datafield ind1=" " ind2=" " tag="260"><subfield code="a">Mystic, Conn. :</subfield><subfield code="b">Amos Watrous</subfield></datafield><datafield ind1=" " ind2=" " tag="300"><subfield code="a">v. :</subfield><subfield code="b">ill. ;</subfield><subfield code="c">46-55 cm.</subfield></datafield><datafield ind1=" " ind2=" " tag="310"><subfield code="a">Weekly</subfield></datafield><datafield ind1="0" ind2=" " tag="362"><subfield code="a">Vol. 1, no. 1 (Mar. 12, 1859)-v. 10, no. 43 (Feb. 5, 1870).</subfield></datafield><datafield ind1=" " ind2=" " tag="500"><subfield code="a">Publishers: Amos Watrous, 1859-&lt;Jan. 1861&gt;; Chauncey D. Rice, &lt;Feb. 1861-Mar. 1862&gt;; and O.G.H. Adam, &lt;Nov. 1862-&gt;.</subfield></datafield><datafield ind1=" " ind2=" " tag="500"><subfield code="a">Published in Mystic Bridge, Conn., &lt;1860-1866&gt;.</subfield></datafield><datafield ind1=" " ind2=" " tag="515"><subfield code="a">Suspended with Mar. 3, 1860 issue; resumed with Oct. 7, 1860 issue.</subfield></datafield><datafield ind1=" " ind2=" " tag="515"><subfield code="a">Issues for &lt;Feb. 23, 1861-Nov. 1, 1862&gt; also called: &lt;Whole no. 70-157&gt;.</subfield></datafield><datafield ind1=" " ind2=" " tag="530"><subfield code="a">Available on microfilm from Joseph Merritt &amp; Co., Hartford, Conn.</subfield></datafield><datafield ind1=" " ind2="0" tag="651"><subfield code="a">Mystic (Conn.)</subfield><subfield code="v">Newspapers.</subfield></datafield><datafield ind1=" " ind2="0" tag="651"><subfield code="a">Mystic Bridge (Conn.)</subfield><subfield code="v">Newspapers.</subfield></datafield><datafield ind1=" " ind2="0" tag="651"><subfield code="a">Stonington (Conn.)</subfield><subfield code="v">Newspapers.</subfield></datafield><datafield ind1=" " ind2="7" tag="655"><subfield code="a">Newspapers.</subfield><subfield code="2">fast</subfield><subfield code="0">(OCoLC)fst01423814</subfield></datafield><datafield ind1=" " ind2="7" tag="651"><subfield code="a">Connecticut</subfield><subfield code="z">Mystic.</subfield><subfield code="2">fast</subfield><subfield code="0">(OCoLC)fst01209216</subfield></datafield><datafield ind1=" " ind2="7" tag="651"><subfield code="a">Connecticut</subfield><subfield code="z">Mystic Bridge.</subfield><subfield code="2">fast</subfield><subfield code="0">(OCoLC)fst01285274</subfield></datafield><datafield ind1=" " ind2="7" tag="651"><subfield code="a">Connecticut</subfield><subfield code="z">Stonington.</subfield><subfield code="2">fast</subfield><subfield code="0">(OCoLC)fst01216240</subfield></datafield><datafield ind1="1" ind2=" " tag="700"><subfield code="a">Watrous, Amos.</subfield></datafield><datafield ind1="1" ind2=" " tag="700"><subfield code="a">Rice, Chauncey D.</subfield></datafield><datafield ind1="1" ind2=" " tag="700"><subfield code="a">Adam, O. G. H.</subfield></datafield><datafield ind1=" " ind2=" " tag="752"><subfield code="a">United States</subfield><subfield code="b">Connecticut</subfield><subfield code="c">New London</subfield><subfield code="d">Mystic.</subfield></datafield><datafield ind1="0" ind2="0" tag="785"><subfield code="t">Mystic journal (Mystic River, Conn. : 1870)</subfield><subfield code="w">(DLC)sn 92064255</subfield><subfield code="w">(OCoLC)27184875</subfield></datafield></record>